<?xml version="1.0" encoding="UTF-8"?><collection xmlns="http://www.loc.gov/MARC21/slim"><record><leader>00344nam--2200133-i-4500</leader><controlfield tag="001">000002109</controlfield><controlfield tag="002">20161230</controlfield><controlfield tag="005">20161230201024</controlfield><controlfield tag="008">060222s1000------------r-----000-0-eng-d</controlfield><datafield ind1=" " ind2=" " tag="080"><subfield code="a">541.13</subfield></datafield><datafield ind1=" " ind2=" " tag="100"><subfield code="a">Glasstone, (Prof.Samuel)</subfield></datafield><datafield ind1=" " ind2=" " tag="245"><subfield code="a">An introductiion to electrochemistry</subfield></datafield><datafield ind1=" " ind2=" " tag="260"><subfield code="a">New York, Van Nostrand, 1942. Vii + 557 P</subfield></datafield><datafield ind1=" " ind2=" " tag="852"><subfield code="a">823</subfield></datafield></record></collection>